@online{email:setup,
  author = {Pinal Dave},
  title = {SQL SERVER - 2008 - Configure Database Mail - Send Email From SQL Database},
  url = {http://blog.sqlauthority.com/2008/08/23/sql-server-2008-configure-database-mail-send-email-from-sql-database/},
  urldate = {2022-05-29},
  year = {2008}
}


@online{odetocode:table,
  author = {Scott Allen},
  title = {Table Variables In T-SQL },
  url = {http://www.odetocode.com/articles/365.aspx},
  urldate = {2022-05-29},
  year = {2005}
}

@online{ms:SQL2008,
  editor = {Microsoft},
  key = {Microsoft},
  title = {Technische Dokumentation zu SQL Server},
  url = {http://msdn.microsoft.com/de-de/library/ms130214.aspx},
  urldate = {2022-05-29},  
  year = {2009}
}

@online{wikip:sp,
  editor = {Wikipedia},
  key = {Wikipedia},
  title = {Gespeicherte Prozedur},
  url = {https://de.wikipedia.org/wiki/Gespeicherte_Prozedur},
  urldate = {2022-05-29},  
  year = {2022}
}

@online{ms:SQL2005,
  editor = {Microsoft},
  key = {Microsoft},
  title = {SQL Server 2005 Onlinedokumentation},
  url = {http://msdn.microsoft.com/de-de/library/ms130214(SQL.90).aspx},
  urldate = {2022-05-29},    
  year = {2008}
}

@book{bagui:2006,
  title = {Learning SQL on SQL Server 2005},
  publisher = {O'Reilly},
  year = {2006},
  author = {Sikha Saha Bagui and Richard Walsh Earp},
  owner = {Uwe},
  timestamp = {2008.11.15},
  isbn = {978-059-610-2159}
}

@BOOK{analytics:2009,
  title = {Pro SQL Server 2008 Analytics},
  publisher = {Apress},
  year = {2009},
  author = {Brian Paulen and Jeff Finken},
  isbn={978-143-021-928-6}
}

@BOOK{coles:2007,
  title = {Pro T-SQL 2005 Programmer's Guide},
  publisher = {Apress},
  year = {2007},
  author = {Michael Coles},
  timestamp = {2008.11.15},
  isbn={978-159-059-7941}
}

@BOOK{forta:2008,
  title = {Teach Yourself Microsoft SQL Server T-SQL on 10 Minutes},
  publisher = {SAMS},
  year = {2008},
  author = {Ben Forta},
  isbn = {978-067-232-8671}
}

@online{sqlteam:temptables,
  author = {Bill Graziano},
  title = {Temporary Tables},
  url = {http://www.sqlteam.com/article/temporary-tables},
  urldate = {2022-05-29},   
  date = {2001-01-17}
}

@online{knigge,
  author = {Thorsten Kansy},
  title = {Aus dem aktuellen dot.net magazin - Der T-SQL-Knigge},
  url = {http://it-republik.de/dotnet/artikel/Aus-dem-aktuellen-dot.net-magazin----Der-T-SQL-Knigge-1334.html},
  year = {2007}
}

@Book{video2brain,
  author = {Klemens Konopasek},
  title = {SQL Server 2005 Programmierung},
  howpublished = {Video Tutorial},
  isbn = {978-382-736-0908},
  year = {2008}
}

@BOOK{konopasek:2007,
  title = {SQL Server 2005 - Der schnelle Einstieg},
  publisher = {Addison-Wesley},
  year = {2007},
  author = {Klemens Konopasek and Ernst Tiemeyer},
  edition = {2. Auflage},
  isbn = {978-382-732-5792}
}

@BOOK{hamilton:2008,
  title = {ADO.NET 3.5 Cookbook},
  publisher = {O'Reilly},
  year = {2008},
  edition = {2. Edition},
  author = {Bill Hamilton},
  isbn = {978-0-596-10140-4}
}
 

@online{modi:2007,
  author = {Vijay Modi},
  title = {MS SQL Server: Stored Procedures vs. Functions},
  url = {http://vijaymodi.wordpress.com/2007/04/04/stored-procedures-vs-functions/},
  year = {2007}
}

@BOOK{petkovic:2001,
  title = {Microsoft SQL Server 2000},
  publisher = {Addison-Wesley},
  year = {2001},
  author = {Dusan Petkovic},
  edition = {1. Auflage},
  isbn = {3-827-317-231}
}

@online{selfhtml:joins,
  author = {Rouven Thimm},
  title = {Einf√ºhrung in Joins},
  url = {http://aktuell.de.selfhtml.org/artikel/datenbanken/joins/},
  urldate = {2022-05-29},
  year = {2007}
}

@ARTICLE{ix,
  author = {Gerhard V"olkl},
  title = {Von Stockwerk zu Stockwerk - Microsoft SQL Server 2008},
  journal = {i'x},
  year = {2008},
  volume = {12},
  pages = {82--84},
  timestamp = {2009.02.18}
}

@online{katalogsichten,
  title = {Katalogsichten (Transact-SQL)},
  url = {http://msdn.microsoft.com/de-de/library/ms174365(SQL.90).aspx},
  urldate = {2022-05-29},
  year = {2007},
  key = {Microsoft},
  editor = {Microsoft}
}

@BOOK{mspress:2007,
  title = {SQL Server 2005 - Datenbankgrundlagen},
  publisher = {Microsoft Press},
  year = {2007},
  editor = {{Microsoft Press}},
  edition = {1. Auflage},
  isbn = {978-386-063-5841}
}

@BOOK{hitch,
  title = {Hitchhiker's Guide To Visual Studio And SQL Server},
  author = {R. Vaughn William and Peter Blackburn},
  editor = {{Addison Wesley Professional}},
  owner = {Uwe},
  year = {2006},
  isbn = {0-3212-4362-5}, 
  timestamp = {2009.06.01}
}

@BOOK{beg2005programming,
  title = {Beginning SQL Server 2005 Programming},
  owner = {Uwe},
  editor = {{Wiley}},
  isbn = {0-7645-8433-2},
  year = {2006},
  author = {Robert Vieira},
  timestamp = {2009.06.01}
}

@BOOK{pro2008is,
  author = {Brian Knight and Erik Veerman and Grant Dickinson and Douglas Hinson and Darren Herbold},
  title = {Professional Microsoft SQL Server 2008 Integration Services},
  owner = {Uwe},
  editor = {{Wiley}},
  year = {2006}, 
  timestamp = {2009.06.01},  
  isbn = {978-0-470-24795-2}
}

@BOOK{beg2005devs,
  title = {Beginning SQL Server 2005 For Developers - From Novice to Professional},
  owner = {Uwe},
  author = {Robin Dewson},
  editor ={Apress},
  year = {2006},   
  timestamp = {2009.06.01},
  isbn = {1-59059-588-2}
}

@BOOK{pro2008admin,
	author = {Brian Knight and Ketan Patel and Wayne Snyder and Ross LoForte and Steven Wort},
  title = {Professional Microsoft SQL Server 2008 Administration},
  owner = {Uwe},
  editor = {{Wiley}},
  year = {2009}, 
  isbn = {978-0-470-24796-9},
  timestamp = {2009.06.01}
}

@BOOK{devguide2005,
  title = {A Developer's Guide to SQL Server 2005},
  owner = {Uwe},
  timestamp = {2009.06.01},
  editor = {{Addison Wesley Professional}},
  isbn = {0-321-38218-8},
  year = {2006},
  author = {Bob Beauchemin and Dan Sullivan},
  timestamp = {2009.06.01}
}

@BOOK{pro2008dbdesign,
  title = {Pro SQL Server 2008 Relational Database Design and Implementation},
  owner = {Uwe},
  timestamp = {2009.06.01},
  editor = {{Apress}},
  isbn = {978-1-4302-0867-9},
  year = {2008},
  author = {Louis Davidson and Kevin Kline and Scott Klein and Kurt Windisch}
}

@BOOK{2008aio,
  title = {Microsoft SQL Server 2008 All-in-One Desk Reference for Dummies},
  owner = {Uwe},
  timestamp = {2009.06.01},
  editor = {{Wiley}},
  isbn = {978-0-470-17954-3},
  year = {2008},
  author = {Robert D. Schneider and Darril Gibson}
}

@BOOK{2008admincons,
  title = {Microsoft SQL Server 2008 Administrator's Pocket Consultant},
  owner = {Uwe},
  timestamp = {2009.06.01},
  editor = {{Microsoft Press}},
  isbn = {0-7356-2589-1 },
  year = {2008},
  author = {William R. Stanek}
}

@BOOK{2008begguide,
  title = {Microsoft SQL Server 2008 A Beginner's Guide},
  owner = {Uwe},
  timestamp = {2009.06.01},
  editor = {{Microsoft Press}},
  isbn = {0-0715-4638-3},
  year = {2008},
  author = {Dusan Petkovic}
}

@BOOK{beg2008devs,
  title = {Beginning SQL Server 2008 for Developers - From Novice to Professional},
  owner = {Uwe},
  timestamp = {2009.06.01},
  editor = {{Apress}},
  isbn = {1-4302-0584-9},
  year = {2008},
  author = {Robin Dewson}
}


@BOOK{beg2008prog,
  title = {Beginning SQL Server 2008 Programming},
  owner = {Uwe},
  editor = {{Wiley}},
  isbn = {978-0-470-25701-2},
  year = {2009},
  author = {Robert Vieira},
  timestamp = {2009.06.01}
}

@BOOK{2008transact,
  title = {SQL Server 2008 Transact SQL Recipes},
  owner = {Uwe},
  timestamp = {2009.06.01},
  editor = {{Apress}},
  isbn = {1-59059-980-2},
  year = {2008},
  author = {Joseph Sack},
 }

@BOOK{pro2008services,
  title = {Pro SQL Server 2008 Reporting Services},
  owner = {Uwe},
  timestamp = {2009.06.01},
  editor = {{Wiley}},
  isbn = {978-0-470-24201-8},
  year = {2009},
  author = {Paul Turley and Thiago Silva and Bryan C. Smith and Ken Withee},
  timestamp = {2009.06.01} 
}

@BOOK{teach2005express,
  title = {Teach Yourself Microsoft SQL Server 2005 Express In 24 Hours},
  owner = {Uwe},
  timestamp = {2009.06.01},
  editor = {{Sams}},
  isbn = {0-672-32741-4},
  year = {2006},
  author = {Alison Balter},
  timestamp = {2009.06.01}   
}

@BOOK{2005recipes,
  title = {SQL Server 2005 T-SQL Recipes - A Problem-Solution Approach},
  editor = {{Apress}},
  isbn = {1-59059-570-X},
  year = {2006},
  author = {Joseph Sack},
 }


@BOOK{2005expressdumm,
  title = {Microsoft SQL Server 2005 Express Edition For Dummies},
  owner = {Uwe},
  timestamp = {2009.06.01},
  editor = {{Wiley}},
  isbn = {0-7645-9927-5},
  year = {2006},
  author = {Robert Schneider},
  timestamp = {2009.06.01}   
}

@BOOK{2005repessentials,
  title = {SQL Server 2005 Reporting Essentials},
  owner = {Uwe},
  timestamp = {2009.06.01},
  editor = {{O'Reilly }},
  isbn = {0-596-52941-4},
  year = {2006},
  author = {Bill Hamilton },
  timestamp = {2009.06.01}
}

@BOOK{2005expressed,
  title = {SQL Server 2005 Express Edition Starter Kit},
  owner = {Uwe},
  timestamp = {2009.06.01},
  editor = {{Wiley}},
  isbn = {0-7645-8923-7},
  year = {2006},
  author = {Rajesh George and Lance Delano},
  timestamp = {2009.06.01}
}

@BOOK{programming2005,
  title = {Programming SQL Server 2005},
  owner = {Uwe},
  timestamp = {2009.06.01},
  editor = {{O'Reilly}},
  isbn = {0-596-00479-6},
  year = {2006},
  author = {Bill Hamilton },
  timestamp = {2009.06.01}
}

@BOOK{2005xml,
  title = {Professional SQL Server 2005 XML},
  owner = {Uwe},
  editor = {{Wiley}},
  isbn = {0-7645-9792-2},
  year = {2006},
  author = {Scott Klein},
  timestamp = {2009.06.01}
}

@BOOK{prof2005repservs,
  title = {Professional SQL Server 2005 Reporting Services},
  owner = {Uwe},
  timestamp = {2009.06.01},
  isbn = {1-59059-498-3},
  year = {2006},
  author = {Rodney Landrum and Walter J. Voytek II}
}

@BOOK{pro2005,
  title = {Pro SQL Server 2005},
  owner = {Uwe},
  timestamp = {2009.06.01},
  editor = {{Apress}},
  isbn = {1-59059-477-0},
  year = {2006},
  author = {Thomas Rizzo and Adam Machanic and Julian Skinner and Louis Davidson and Robin Dewson and Jan Narkiewicz and Joseph Sack and Rob Walters}
}

@BOOK{bi2005,
  title = {Practical Business Intelligence With SQL Server 2005},
  owner = {Uwe},
  timestamp = {2009.06.01},
 	editor = {{Addison Wesley Professional}},
  isbn = {0-321-35698-5},
  year = {2006},
  author = {John C. Hancock and Roger Toren}  
}

@BOOK{2005sp,
  title = {Microsoft SQL Server 2005 Stored Procedure Programming In T-SQL \& .NET},
  owner = {Uwe},
  timestamp = {2009.06.01},
 	editor = {{McGraw-Hill/Osborne}},
	edition = {3},
  isbn = {0-0722-6228-1},
  year = {2006},
  author = {Dejan Sunderi}  
}

@BOOK{2005repservs,
  title = {Microsoft SQL Server 2005 Reporting Services},
  owner = {Uwe},
  timestamp = {2009.06.01},
 	editor = {{McGraw-Hill/Osborne}},
  isbn = {0-0722-6239-7},
  year = {2006},
  author = {Brian Larson}  
}

@BOOK{2005integserv,
  title = {Microsoft SQL Server 2005 Integration Services},
  owner = {Uwe},
  timestamp = {2009.06.01},
 	editor = {{Sams}},
  isbn = {0-672-32781-3},
  year = {2006},
  author = {Kirk Haselden}  
}

@BOOK{2005dumm,
  title = {Microsoft SQL Server 2005 For Dummies},
  owner = {Uwe},
  timestamp = {2009.06.01},
 	editor = {{Wiley}},
  isbn = {0-7645-7755-7},
  year = {2006},
  author = {Andrew Watt} 
}

@BOOK{2005admincompanion,
  title = {Microsoft SQL Server 2005 Administrator's Companion},
  owner = {Uwe},
  timestamp = {2009.06.01},
 	editor = {{Microsoft Press}},
  isbn = {0-7356-2198-5},
  year = {2006},
  author = {Edward Whalen and Marcilina Garcia and Burzin Patel and Stacia Misner and Victor Isakov} 
}

@BOOK{inside2005tools,
  title = {Inside SQL Server 2005 Tools},
  owner = {Uwe},
  timestamp = {2009.06.01},
 	editor = {{Addison Wesley Professional}},
  isbn = {0-321-39796-7},
  year = {2006},
  author = {Michael Raheem and Dima Sonkin and Thierry D'Hers and Kami LeMonds } 
}

@BOOK{prog2008,
  title = {Programming Microsoft SQL Server 2008},
  owner = {Uwe},
  timestamp = {2009.06.01},
 	editor = {{Microsoft Press}},
  isbn = { 0-7356-2599-9},
  year = {2008},
  author = {Leonard Lobel and Andrew J. Brust and Stephen Forte} 
}

@BOOK{rep2005ia,
  title = {SQL Server 2005 Reporting Services In Action},
  owner = {Uwe},
  timestamp = {2009.06.01},
 	editor = {{Manning}},
  isbn = {1-932394-76-1},
  year = {2007},
  author = {Bret Updegraff} 
}

